<record><leader>00000cas a2200000 a 4500</leader><controlfield tag="001">9322049</controlfield><controlfield tag="008">830318d18281896mauwr ne      0    0eng c</controlfield><datafield ind1=" " ind2=" " tag="010"><subfield code="a">sn 83020331 </subfield></datafield><datafield ind1=" " ind2=" " tag="040"><subfield code="a">NPX</subfield><subfield code="b">eng</subfield><subfield code="c">NPX</subfield><subfield code="d">NPY</subfield><subfield code="d">NPU</subfield><subfield code="d">UNP</subfield><subfield code="d">DLC</subfield><subfield code="d">MGN</subfield><subfield code="d">CNW</subfield><subfield code="d">TGN</subfield><subfield code="d">NVF</subfield><subfield code="d">OCL</subfield><subfield code="d">CVF</subfield><subfield code="d">OCLCG</subfield><subfield code="d">KRTAS</subfield><subfield code="d">DLC</subfield><subfield code="d">OCLCQ</subfield><subfield code="d">OCLCA</subfield><subfield code="d">OCLCF</subfield></datafield><datafield ind1="1" ind2=" " tag="029"><subfield code="a">AU@</subfield><subfield code="b">000002853696</subfield></datafield><datafield ind1=" " ind2=" " tag="042"><subfield code="a">pcc</subfield></datafield><datafield ind1=" " ind2=" " tag="043"><subfield code="a">n-us-ma</subfield></datafield><datafield ind1="0" ind2="0" tag="050"><subfield code="a">Newspaper</subfield></datafield><datafield ind1="0" ind2=" " tag="130"><subfield code="a">Salem observer (Salem, Mass. : 1828)</subfield></datafield><datafield ind1="1" ind2="0" tag="245"><subfield code="a">Salem observer.</subfield></datafield><datafield ind1=" " ind2=" " tag="260"><subfield code="a">Salem, Mass. :</subfield><subfield code="b">W. &amp; S.B. Ives,</subfield><subfield code="c">1828-1896.</subfield></datafield><datafield ind1=" " ind2=" " tag="300"><subfield code="a">v.</subfield></datafield><datafield ind1=" " ind2=" " tag="310"><subfield code="a">Weekly</subfield></datafield><datafield ind1="0" ind2=" " tag="362"><subfield code="a">Vol. 6, no. 1 (Jan. 5, 1828)-v. 74, no. 2 (Jan. 11, 1896).</subfield></datafield><datafield ind1=" " ind2=" " tag="500"><subfield code="a">Publishers: W. &amp; S.B. Ives &amp; G. Pease, 1837-1839; W. Ives &amp; G. Pease, 1839-1863; G.W. Pease, 1863-1866; G.W. Pease &amp; H.S. Traill, 1866-1871; Pease, Traill, &amp; Fielden, 1872-1883; F.A. Fielden, 1884; G. Pease, 1884-1889; and Newcomb &amp; Gauss, 1889-1896.</subfield></datafield><datafield ind1=" " ind2=" " tag="500"><subfield code="a">Independent.</subfield></datafield><datafield ind1=" " ind2="0" tag="651"><subfield code="a">Salem (Mass.)</subfield><subfield code="v">Newspapers.</subfield></datafield><datafield ind1=" " ind2="7" tag="655"><subfield code="a">Newspapers.</subfield><subfield code="2">fast</subfield><subfield code="0">(OCoLC)fst01423814</subfield></datafield><datafield ind1=" " ind2="7" tag="651"><subfield code="a">Massachusetts</subfield><subfield code="z">Salem.</subfield><subfield code="2">fast</subfield><subfield code="0">(OCoLC)fst01205839</subfield></datafield><datafield ind1="1" ind2=" " tag="700"><subfield code="a">Ives, William,</subfield><subfield code="d">1794-1874.</subfield></datafield><datafield ind1="1" ind2=" " tag="700"><subfield code="a">Ives, Stephen Bradshaw,</subfield><subfield code="d">1801-1883.</subfield></datafield><datafield ind1=" " ind2=" " tag="752"><subfield code="a">United States</subfield><subfield code="b">Massachusetts</subfield><subfield code="c">Essex</subfield><subfield code="d">Salem.</subfield></datafield><datafield ind1="0" ind2="0" tag="780"><subfield code="t">Salem literary &amp; commercial observer</subfield><subfield code="w">(DLC)sn 83020330</subfield><subfield code="w">(OCoLC)9321977</subfield></datafield><datafield ind1="0" ind2="0" tag="785"><subfield code="t">Saturday evening observer</subfield><subfield code="w">(DLC)sn 93058749</subfield><subfield code="w">(OCoLC)27472548</subfield></datafield><datafield ind1=" " ind2=" " tag="938"><subfield code="a">Kirtas Technologies, Inc.</subfield><subfield code="b">KRTS</subfield><subfield code="n">736290</subfield></datafield></record>